
@article{gross2005generic,
  title={Generic vs. person specific active appearance models},
  author={Gross, R. and Matthews, I. and Baker, S.},
  journal={Image and Vision Computing},
  volume={23},
  number={12},
  pages={1080--1093},
  year={2005}
}


@inproceedings{belhumeur2011localizing,
  title={Localizing parts of faces using a consensus of exemplars},
  author={Belhumeur, P.N. and Jacobs, D.W. and Kriegman, D.J. and Kumar, N.},
  booktitle={CVPR},
  year={2011}
}

@inproceedings{xiao2004real,
  title={Real-time combined 2D+3D active appearance models},
  author={Xiao, J. and Baker, S. and Matthews, I. and Kanade, T.},
  booktitle={CVPR},
  year={2004}
}


@article{gross2006active,
  title={Active appearance models with occlusion},
  author={Gross, R. and Matthews, I. and Baker, S.},
  journal={Image and Vision Computing},
  volume={24},
  number={6},
  pages={593--604},
  year={2006}
}

@inproceedings{liu2007generic,
  title={Generic face alignment using boosted appearance model},
  author={Liu, X.},
  booktitle={CVPR},
  year={2007}
}

@inproceedings{wu2008face,
  title={Face alignment via boosted ranking model},
  author={Wu, H. and Liu, X. and Doretto, G.},
  booktitle={CVPR},
  year={2008}
}

@inproceedings{liu2011optimal,
  title={Optimal gradient pursuit for face alignment},
  author={Liu, X.},
  booktitle={FG},
  year={2011}
}



@article{zhang2008discriminative,
  title={Discriminative learning for deformable shape segmentation: A comparative study},
  author={Zhang, J. and Zhou, S. and Comaniciu, D. and McMillan, L.},
  journal={ECCV},
  year={2008}
}


@inproceedings{wang2008enforcing,
  title={Enforcing convexity for improved alignment with constrained local models},
  author={Wang, Y. and Lucey, S. and Cohn, J.F.},
  booktitle={CVPR},
  year={2008}
}

@article{lucey2009efficient,
  title={Efficient constrained local model fitting for non-rigid face alignment},
  author={Lucey, S. and Wang, Y. and Cox, M. and Sridharan, S. and Cohn, J.F.},
  journal={Image and Vision Computing},
  volume={27},
  number={12},
  pages={1804--1813},
  year={2009}
}



@inproceedings{liu2007gradient,
  title={Gradient feature selection for online boosting},
  author={Liu, X. and Yu, T.},
  booktitle={ICCV},
  year={2007}
}





@inproceedings{navarathna2011fourier,
  title={Fourier Active Appearance Models},
  author={Navarathna, R. and Sridharan, S. and Lucey, S.},
  booktitle={ICCV},
  year={2011}
}


@inproceedings{ramnath2008increasing,
  title={Increasing the density of active appearance models},
  author={Ramnath, K. and Baker, S. and Matthews, I. and Ramanan, D.},
  booktitle={CVPR},
  year={2008}
}


@article{xu2011physics,
  title={A Physics-Based Analysis of Image Appearance Models},
  author={Xu, Y. and Roy-Chowdhury, A.},
  journal={IEEE TPAMI},
  number={99},
  pages={1--1},
  year={2011}
}


@article{cootes2001active,
  title={Active appearance models},
  author={Cootes, T.F. and Edwards, G.J. and Taylor, C.J.},
  journal={TPAMI},
  volume={23},
  number={6},
  pages={681--685},
  year={2001}
}





@inproceedings{valstar2010facial,
  title={Facial point detection using boosted regression and graph models},
  author={Valstar, M. and Martinez, B. and Binefa, X. and Pantic, M.},
  booktitle={CVPR},
  year={2010}
}

@inproceedings{ramanan2011,
  title={Face detection, pose estimation, and landmark estimation in the wild.},
  author={Zhu, X. and Ramanan, D.},
  booktitle={CVPR},
  year={2012}
}

@inproceedings{tzimiropoulos2011robust,
  title={Robust and efficient parametric face alignment},
  author={Tzimiropoulos, G. and Zafeiriou, S. and Pantic, M.},
  booktitle={ICCV},
  year={2011}
}

@article{tzimiropoulos2012subspace,
  title={Subspace Learning from Image Gradient Orientations},
  author={Tzimiropoulos, G. and Zafeiriou, S. and Pantic, M.},
  journal={IEEE TPAMI},
  volume={34},
  number={12},
  pages={2454--2466},
  year={2012}
}

@inproceedings{cootes2001representing,
  title={On representing edge structure for model matching},
  author={Cootes, T.F. and Taylor, C.J.},
  booktitle={CVPR},
  year={2001}
}

@article{de2003framework,
  title={A framework for robust subspace learning},
  author={De La Torre, F. and Black, M.J.},
  journal={IJCV},
  volume={54},
  number={1},
  pages={117--142},
  year={2003}
}

@article{baker2003lucas,
  title={Lucas-kanade 20 years on: Part 3},
  author={Baker, S. and Gross, R. and Matthews, I.},
  journal={Robotics Institute, Carnegie Mellon University, Tech. Rep. CMU-RI-TR-03-35},
  year={2003}
}

@article{evangelidis2008parametric,
  title={Parametric image alignment using enhanced correlation coefficient maximization},
  author={Evangelidis, G.D. and Psarakis, E.Z.},
  journal={IEEE TPAMI},
  volume={30},
  number={10},
  pages={1858--1865},
  year={2008}
}

@inproceedings{messer1999xm2vtsdb,
  title={XM2VTSDB: The extended M2VTS database},
  author={Messer, K. and Matas, J. and Kittler, J. and Luettin, J. and Maitre, G.},
  booktitle={2nd international conference on audio and video-based biometric person authentication},
  volume={964},
  pages={965--966},
  year={1999},
}

@inproceedings{patel20093d,
  title={3D morphable face models revisited},
  author={Patel, A. and Smith, W.A.P.},
  booktitle={CVPR},
  year={2009},
}

@article{gross2010multi,
  title={Multi-pie},
  author={Gross, R. and Matthews, I. and Cohn, J. and Kanade, T. and Baker, S.},
  journal={Image and Vision Computing},
  volume={28},
  number={5},
  pages={807--813},
  year={2010},
}

@inproceedings{basso2003regularized,
  title={Regularized 3d morphable models},
  author={Basso, C. and Vetter, T. and Blanz, V.},
  booktitle={Higher-Level Knowledge in 3D Modeling and Motion Analysis, 2003. First IEEE International Workshop on},
  year={2003},
}

@INPROCEEDINGS{Cao2012shaperegression,
author={Xudong Cao and Yichen Wei and Fang Wen and Jian Sun},
booktitle={CVPR},
title={Face alignment by Explicit Shape Regression},
year={2012},
}


@incollection{le2012interactive,
  title={Interactive facial feature localization},
  author={Le, Vuong and Brandt, Jonathan and Lin, Zhe and Bourdev, Lubomir and Huang, Thomas S},
  booktitle={ECCV},
  year={2012},
}

@incollection{cootes2012robust,
  title={Robust and accurate shape model fitting using random forest regression voting},
  author={Cootes, Tim F and Ionita, Mircea C and Lindner, Claudia and Sauer, Patrick},
  booktitle={ECCV},
  year={2012},
}

@incollection{martins2012discriminative,
  title={Discriminative bayesian active shape models},
  author={Martins, Pedro and Caseiro, Rui and Henriques, Jo{\~a}o F and Batista, Jorge},
  booktitle={ECCV},
  year={2012},
}

@inproceedings{xiongsupervised,
  title={Supervised Descent Method and its Applications to Face Alignment},
  author={Xiong, Xuehan and De la Torre, Fernando},
  booktitle={CVPR},
  year={2013},
}

@article{liwicki2013euler,
  title={Euler Principal Component Analysis},
  author={Liwicki, Stephan and Tzimiropoulos, Georgios and Zafeiriou, Stefanos and Pantic, Maja},
  journal={International Journal of Computer Vision},
  volume={101},
  number={3},
  pages={498--518},
  year={2013},
  publisher={Springer}
}

@inproceedings{kittipanya2006effect,
  title={The effect of texture representations on AAM performance},
  author={Kittipanya-ngam, P and Cootes, TF},
  booktitle={ICPR},
  year={2006},
}

@inproceedings{papandreou2008adaptive,
  title={Adaptive and constrained algorithms for inverse compositional active appearance model fitting},
  author={Papandreou, George and Maragos, Petros},
  booktitle={CVPR 2008},
  year={2008},
}

@inproceedings{lucas1981iterative,
  title={An iterative image registration technique with an application to stereo vision},
  author={Lucas, Bruce D and Kanade, Takeo and others},
  booktitle={Proceedings of the 7th international joint conference on Artificial intelligence},
  year={1981}
}

@inproceedings{tzimiropoulos2013generic,
  title={Generic active appearance models revisited},
  author={Tzimiropoulos, Georgios and Alabort-i-Medina, Joan and Zafeiriou, Stefanos and Pantic, Maja},
  booktitle={ACCV 2012},
  year={2013},
}



@article{gross2005generic,
  title={Generic vs. person specific active appearance models},
  author={Gross, R. and Matthews, I. and Baker, S.},
  journal={Image and Vision Computing},
  volume={23},
  number={12},
  pages={1080--1093},
  year={2005}
}


@inproceedings{belhumeur2011localizing,
  title={Localizing parts of faces using a consensus of exemplars},
  author={Belhumeur, P.N. and Jacobs, D.W. and Kriegman, D.J. and Kumar, N.},
  booktitle={CVPR},
  year={2011}
}

@inproceedings{cristinacce2006feature,
  title={Feature Detection and Tracking with Constrained Local Models.},
  author={Cristinacce, D. and Cootes, T.F.},
  booktitle={BMVC},
  year={2006}
}

@inproceedings{xiao2004real,
  title={Real-time combined 2D+3D active appearance models},
  author={Xiao, J. and Baker, S. and Matthews, I. and Kanade, T.},
  booktitle={CVPR},
  year={2004}
}


@article{gross2006active,
  title={Active appearance models with occlusion},
  author={Gross, R. and Matthews, I. and Baker, S.},
  journal={Image and Vision Computing},
  volume={24},
  number={6},
  pages={593--604},
  year={2006}
}

@inproceedings{liu2007generic,
  title={Generic face alignment using boosted appearance model},
  author={Liu, X.},
  booktitle={CVPR},
  year={2007}
}

@inproceedings{wu2008face,
  title={Face alignment via boosted ranking model},
  author={Wu, H. and Liu, X. and Doretto, G.},
  booktitle={CVPR},
  year={2008}
}

@inproceedings{liu2011optimal,
  title={Optimal gradient pursuit for face alignment},
  author={Liu, X.},
  booktitle={FG},
  year={2011}
}


@article{saragih2009learning,
  title={Learning AAM fitting through simulation},
  author={Saragih, J. and Gocke, R.},
  journal={Pattern Recognition},
  volume={42},
  number={11},
  pages={2628--2636},
  year={2009}
}




@article{zhang2008discriminative,
  title={Discriminative learning for deformable shape segmentation: A comparative study},
  author={Zhang, J. and Zhou, S. and Comaniciu, D. and McMillan, L.},
  journal={ECCV},
  year={2008}
}


@inproceedings{wang2008enforcing,
  title={Enforcing convexity for improved alignment with constrained local models},
  author={Wang, Y. and Lucey, S. and Cohn, J.F.},
  booktitle={CVPR},
  year={2008}
}



@inproceedings{liu2007gradient,
  title={Gradient feature selection for online boosting},
  author={Liu, X. and Yu, T.},
  booktitle={ICCV},
  year={2007}
}



@inproceedings{saragih2007nonlinear,
  title={A nonlinear discriminative approach to AAM fitting},
  author={Saragih, J. and Goecke, R.},
  booktitle={ICCV},
  year={2007}
}




@inproceedings{navarathna2011fourier,
  title={Fourier Active Appearance Models},
  author={Navarathna, R. and Sridharan, S. and Lucey, S.},
  booktitle={ICCV},
  year={2011}
}


@inproceedings{ramnath2008increasing,
  title={Increasing the density of active appearance models},
  author={Ramnath, K. and Baker, S. and Matthews, I. and Ramanan, D.},
  booktitle={CVPR},
  year={2008}
}


@article{xu2011physics,
  title={A Physics-Based Analysis of Image Appearance Models},
  author={Xu, Y. and Roy-Chowdhury, A.},
  journal={IEEE TPAMI},
  number={99},
  pages={1--1},
  year={2011}
}


@article{matthews2004active,
  title={Active appearance models revisited},
  author={Matthews, I. and Baker, S.},
  journal={IJCV},
  volume={60},
  number={2},
  pages={135--164},
  year={2004}
}


@article{cootes1995active,
  title={Active shape models-their training and application},
  author={Cootes, T.F. and Taylor, C.J. and Cooper, D.H. and Graham, J.},
  journal={CVIU},
  volume={61},
  number={1},
  pages={38--59},
  year={1995}
}


@article{cristinacce2008automatic,
  title={Automatic feature localisation with constrained local models},
  author={Cristinacce, D. and Cootes, T.},
  journal={Pattern Recognition},
  volume={41},
  number={10},
  pages={3054--3067},
  year={2008}
}

@inproceedings{saragih2009face,
  title={Face alignment through subspace constrained mean-shifts},
  author={Saragih, J.M. and Lucey, S. and Cohn, J.F.},
  booktitle={ICCV},
  year={2009}
}

@article{saragih2011deformable,
  title={Deformable model fitting by regularized landmark mean-shift},
  author={Saragih, J.M. and Lucey, S. and Cohn, J.F.},
  journal={IJCV},
  volume={91},
  number={2},
  pages={200--215},
  year={2011}
}

@inproceedings{valstar2010facial,
  title={Facial point detection using boosted regression and graph models},
  author={Valstar, M. and Martinez, B. and Binefa, X. and Pantic, M.},
  booktitle={CVPR},
  year={2010}
}


@inproceedings{tzimiropoulos2011robust,
  title={Robust and efficient parametric face alignment},
  author={Tzimiropoulos, G. and Zafeiriou, S. and Pantic, M.},
  booktitle={ICCV},
  year={2011}
}

@article{tzimiropoulos2012subspace,
  title={Subspace Learning from Image Gradient Orientations},
  author={Tzimiropoulos, G. and Zafeiriou, S. and Pantic, M.},
  journal={IEEE TPAMI},
  year={to appear}
}

@inproceedings{cootes2001representing,
  title={On representing edge structure for model matching},
  author={Cootes, T.F. and Taylor, C.J.},
  booktitle={CVPR},
  year={2001}
}

@article{de2003framework,
  title={A framework for robust subspace learning},
  author={De La Torre, F. and Black, M.J.},
  journal={IJCV},
  volume={54},
  number={1},
  pages={117--142},
  year={2003}
}

@article{baker2003lucas,
  title={Lucas-kanade 20 years on: Part 3},
  author={Baker, S. and Gross, R. and Matthews, I.},
  journal={Robotics Institute, Carnegie Mellon University, Tech. Rep. CMU-RI-TR-03-35},
  year={2003}
}

@article{evangelidis2008parametric,
  title={Parametric image alignment using enhanced correlation coefficient maximization},
  author={Evangelidis, G.D. and Psarakis, E.Z.},
  journal={IEEE TPAMI},
  volume={30},
  number={10},
  pages={1858--1865},
  year={2008}
}

@inproceedings{messer1999xm2vtsdb,
  title={XM2VTSDB: The extended M2VTS database},
  author={Messer, K. and Matas, J. and Kittler, J. and Luettin, J. and Maitre, G.},
  booktitle={2nd international conference on audio and video-based biometric person authentication},
  volume={964},
  pages={965--966},
  year={1999},
}

@inproceedings{patel20093d,
  title={3D morphable face models revisited},
  author={Patel, A. and Smith, W.A.P.},
  booktitle={CVPR},
  year={2009},
}

@article{gross2010multi,
  title={Multi-pie},
  author={Gross, R. and Matthews, I. and Cohn, J. and Kanade, T. and Baker, S.},
  journal={Image and Vision Computing},
  volume={28},
  number={5},
  pages={807--813},
  year={2010},
}

@inproceedings{basso2003regularized,
  title={Regularized 3d morphable models},
  author={Basso, C. and Vetter, T. and Blanz, V.},
  booktitle={Higher-Level Knowledge in 3D Modeling and Motion Analysis, 2003. First IEEE International Workshop on},
  year={2003},
}

@INPROCEEDINGS{Cao2012shaperegression,
title={Face alignment by Explicit Shape Regression},
author={Xudong Cao and Yichen Wei and Fang Wen and Jian Sun},
booktitle={CVPR},
year={2012},
}

@inproceedings{lucas1981iterative,
  title={An iterative image registration technique with an application to stereo vision},
  author={Lucas, Bruce D and Kanade, Takeo and others},
  booktitle={7th International Joint Conference on Artificial Intelligence},
  year={1981}
}

@article{hager1998efficient,
  title={Efficient region tracking with parametric models of geometry and illumination},
  author={Hager, Gregory D. and Belhumeur, Peter N.},
  journal={IEEE TPAMI},
  volume={20},
  number={10},
  pages={1025--1039},
  year={1998},
}


@article{batur2005adaptive,
  title={Adaptive active appearance models},
  author={Batur, Aziz Umit and Hayes, Monson H},
  journal={IEEE TIP},
  volume={14},
  number={11},
  pages={1707--1721},
  year={2005},
}

@inproceedings{netzell2008efficient,
  title={Efficient image inner products applied to active appearance models},
  author={Netzell, Karl and Solem, Jan Erik},
  booktitle={ICPR},
  year={2008},
}

@article{lucey2012fourier,
  title={Fourier Lucas-Kanade Algorithm},
  author={Lucey, Simon and Navarathna, Rajitha and Ashraf, A and Sridharan, Sridha},
  journal={IEEE TPAMI},
  volume={35},
  number={6},
  pages={1383--1396},
  year={2013},
}


@article{martins2012generative,
  title={Generative face alignment through 2.5 D active appearance models},
  author={Martins, Pedro and Caseiro, Rui and Batista, Jorge},
  journal={CVIU},
  year={2012},
}


@book{boyd2004convex,
  title={Convex optimization},
  author={Boyd, Stephen and Vandenberghe, Lieven},
  year={2004},
  publisher={Cambridge university press}
}

@inproceedings{sagonas2013semi,
  title={A semi-automatic methodology for facial landmark annotation},
  author={Sagonas, Christos and Tzimiropoulos, Georgios and Zafeiriou, Stefanos and Pantic, Maja},
  booktitle={CVPR Workshops},
  year={2013},
}

@article{lowe2004distinctive,
  title={Distinctive image features from scale-invariant keypoints},
  author={Lowe, David G},
  journal={IJCV},
  volume={60},
  number={2},
  pages={91--110},
  year={2004},
}

@incollection{le2012interactive,
  title={Interactive facial feature localization},
  author={Le, Vuong and Brandt, Jonathan and Lin, Zhe and Bourdev, Lubomir and Huang, Thomas S},
  booktitle={ECCV},
  year={2012},
}

@incollection{gu2008generative,
  title={A generative shape regularization model for robust face alignment},
  author={Gu, Leon and Kanade, Takeo},
  booktitle={ECCV},
  year={2008},
}

@inproceedings{asthana2013robust,
  title={Robust Discriminative Response Map Fitting with Constrained Local Models},
  author={Asthana, Akshay and Zafeiriou, Stefanos and Cheng, Shiyang and Pantic, Maja},
  booktitle={CVPR},
  year={2013},
}

@inproceedings{dalal2005histograms,
  title={Histograms of oriented gradients for human detection},
  author={Dalal, Navneet and Triggs, Bill},
  booktitle={CVPR},
  year={2005},
}

@article{felzenszwalb2010object,
  title={Object detection with discriminatively trained part-based models},
  author={Felzenszwalb, Pedro F and Girshick, Ross B and McAllester, David and Ramanan, Deva},
  journal={IEEE TPAMI},
  volume={32},
  number={9},
  pages={1627--1645},
  year={2010},
}


@inproceedings{pirsiavash2012steerable,
  title={Steerable part models},
  author={Pirsiavash, Hamed and Ramanan, Deva},
  booktitle={CVPR},
  year={2012},
}

@article{yupose,
  title={Pose-free Facial Landmark Fitting via Optimized Part Mixtures and Cascaded Deformable Shape Model},
  author={Yu, Xiang and Huang, Junzhou and Zhang, Shaoting and Yan, Wang and Metaxas, Dimitris N},
  booktitle={ICCV},
  year={2013},
}

@article{felzenszwalb2005pictorial,
  title={Pictorial structures for object recognition},
  author={Felzenszwalb, Pedro F and Huttenlocher, Daniel P},
  journal={IJCV},
  volume={61},
  number={1},
  pages={55--79},
  year={2005},
}

@article{tzimiropoulosoptimization,
  title={Optimization problems for fast AAM fitting in-the-wild},
  author={Tzimiropoulos, Georgios and Pantic, Maja},
  booktitle={ICCV},
  year={2013},
}

@article{naseem2010linear,
  title={Linear regression for face recognition},
  author={Naseem, Imran and Togneri, Roberto and Bennamoun, Mohammed},
  journal={IEEE TPAMI},
  volume={32},
  number={11},
  pages={2106--2112},
  year={2010},
}

@inproceedings{zhang2011sparse,
  title={Sparse representation or collaborative representation: Which helps face recognition?},
  author={Zhang, D and Yang, Meng and Feng, Xiangchu},
  booktitle={ICCV},
  year={2011},
}

@article{turk1991eigenfaces,
  title={Eigenfaces for recognition},
  author={Turk, Matthew and Pentland, Alex},
  journal={Journal of cognitive neuroscience},
  volume={3},
  number={1},
  pages={71--86},
  year={1991},
  publisher={MIT Press}
}
